@article{Williams1959,
author = {Williams, M. L.},
title = {The stresses around a fault or crack in dissimilar media},
journal = {Bulletin of the Seismological Society of America},
volume = {49},
number = {2},
pages = {199},
year = {1959}
}

@article{Comninou1990,
  doi = {10.1016/0013-7944(90)90343-f},
  year  = {1990},
  month = {jan},
  publisher = {Elsevier {BV}},
  volume = {37},
  number = {1},
  pages = {197--208},
  author = {Maria Comninou},
  title = {An overview of interface cracks},
  journal = {Engineering Fracture Mechanics}
}

@article{Hills1993,
  doi = {10.1016/0020-7403(93)90062-y},
  year  = {1993},
  month = {jan},
  publisher = {Elsevier {BV}},
  volume = {35},
  number = {1},
  pages = {27--37},
  author = {D.A. Hills and J.R. Barber},
  title = {Interface cracks},
  journal = {International Journal of Mechanical Sciences}
}

@article{England1965,
  doi = {10.1115/1.3625813},
  year  = {1965},
  publisher = {{ASME} International},
  volume = {32},
  number = {2},
  pages = {400},
  author = {A. H. England},
  title = {A Crack Between Dissimilar Media},
  journal = {Journal of Applied Mechanics}
}

@article{Erdogan1963,
  doi = {10.1115/1.3636517},
  year  = {1963},
  publisher = {{ASME} International},
  volume = {30},
  number = {2},
  pages = {232},
  author = {Fazil Erdogan},
  title = {Stress Distribution in a Nonhomogeneous Elastic Plane With Cracks},
  journal = {Journal of Applied Mechanics}
}

@article{Dundurs1969,
  doi = {10.1115/1.3564739},
  year  = {1969},
  publisher = {{ASME} International},
  volume = {36},
  number = {3},
  pages = {650},
  author = {J. Dundurs},
  title = {Discussion: {\textquotedblleft}Edge-Bonded Dissimilar Orthogonal Elastic Wedges Under Normal and Shear Loading{\textquotedblright} (Bogy,  D. B.,  1968,  {ASME} J. Appl. Mech.,  35,  pp. 460{\textendash}466)},
  journal = {Journal of Applied Mechanics}
}

@article{Malyshev1965,
  doi = {10.1007/bf00186749},
  url = {https://doi.org/10.1007/bf00186749},
  year  = {1965},
  month = {jun},
  publisher = {Springer Nature},
  volume = {1-1},
  number = {2},
  author = {B.M. Malyshev and R.L. Salganik},
  title = {The strength of adhesive joints using the theory of cracks},
  journal = {International Journal of Fracture Mechanics}
}

@article{Comninou1977,
  doi = {10.1115/1.3424148},
  url = {https://doi.org/10.1115/1.3424148},
  year  = {1977},
  publisher = {{ASME} International},
  volume = {44},
  number = {4},
  pages = {631},
  author = {Maria Comninou},
  title = {The Interface Crack},
  journal = {Journal of Applied Mechanics}
}

@Article{Perlman1967,
  Title                    = {Elastostatic problems of curvilinear cracks in bonded dissimilar materials},
  Author                   = {A.B. Perlman and G.C. Sih},
  Journal                  = {International Journal of Engineering Science},
  Year                     = {1967},

  Month                    = {nov},
  Number                   = {11},
  Pages                    = {845--867},
  Volume                   = {5},

  Doi                      = {10.1016/0020-7225(67)90009-2},
  Publisher                = {Elsevier {BV}}
}

@Article{Toya1974,
  Title                    = {A crack along the interface of a circular inclusion embedded in an infinite solid},
  Author                   = {M. Toya},
  Journal                  = {Journal of the Mechanics and Physics of Solids},
  Year                     = {1974},

  Month                    = {oct},
  Number                   = {5},
  Pages                    = {325--348},
  Volume                   = {22},

  Doi                      = {10.1016/0022-5096(74)90002-7},
  Publisher                = {Elsevier {BV}}
}

@Article{Paris1996,
  Title                    = {The fiber-matrix interface crack {\textemdash} A numerical analysis using Boundary Elements},
  Author                   = {F. Par{\'{\i}}s and J. C. Ca{\~{n}}o and J. Varna},
  Journal                  = {International Journal of Fracture},
  Year                     = {1996},

  Month                    = {may},
  Number                   = {1},
  Pages                    = {11--29},
  Volume                   = {82},

  Doi                      = {10.1007/bf00017861},
  Publisher                = {Springer Nature America, Inc}
}

@article{England1966,
  doi = {10.1115/1.3625132},
  year  = {1966},
  publisher = {{ASME} International},
  volume = {33},
  number = {3},
  pages = {637},
  author = {A. H. England},
  title = {An Arc Crack Around a Circular Elastic Inclusion},
  journal = {Journal of Applied Mechanics}
}
