@article{Correa2018,
  title   = "Microscopical observations of inter-fibre failure under tension",
  journal = "Composites Science and Technology",
  volume  = "155",
  pages  = "213-–220",
  year    = "2018",
  doi     = "10.1016/j.compscitech.2017.12.009",
  author  = "E. Correa and M. I. Valverde and M. L. Velasco and F. Par\'is"
}

@article{Zumaquero2018,
  title   = "Microscopical observations of interface cracks from inter-fibre failure under compression in composite laminates",
  journal = "Composites Part A: Applied Science and Manufacturing",
  volume  = "110",
  pages  = "76-–83",
  year    = "2018",
  doi     = "10.1016/j.compositesa.2018.04.004",
  author  = "P. L. Zumaquero and E. Correa and J. Justo and F. Par\'is"
}
