@article{Sandino2016,
  doi = {10.1016/j.engfracmech.2016.01.022},
  url = {https://doi.org/10.1016/j.engfracmech.2016.01.022},
  year  = {2016},
  month = {dec},
  publisher = {Elsevier {BV}},
  volume = {168},
  pages = {58--75},
  author = {C. Sandino and E. Correa and F. Par{\'{\i}}s},
  title = {Numerical analysis of the influence of a nearby fibre on the interface crack growth in composites under transverse tensile load},
  journal = {Engineering Fracture Mechanics}
}

@article{Toya1974,
  doi = {10.1016/0022-5096(74)90002-7},
  url = {https://doi.org/10.1016/0022-5096(74)90002-7},
  year  = {1974},
  month = {oct},
  publisher = {Elsevier {BV}},
  volume = {22},
  number = {5},
  pages = {325--348},
  author = {M. Toya},
  title = {A crack along the interface of a circular inclusion embedded in an infinite solid},
  journal = {Journal of the Mechanics and Physics of Solids}
}

@article{Krueger2004,
  doi = {10.1115/1.1595677},
  url = {https://doi.org/10.1115/1.1595677},
  year  = {2004},
  publisher = {{ASME} International},
  volume = {57},
  number = {2},
  pages = {109},
  author = {Ronald Krueger},
  title = {Virtual crack closure technique: History,  approach,  and applications},
  journal = {Applied Mechanics Reviews}
}

@article{Rice1968,
  doi = {10.1115/1.3601206},
  url = {https://doi.org/10.1115/1.3601206},
  year  = {1968},
  publisher = {{ASME} International},
  volume = {35},
  number = {2},
  pages = {379},
  author = {J. R. Rice},
  title = {A Path Independent Integral and the Approximate Analysis of Strain Concentration by Notches and Cracks},
  journal = {Journal of Applied Mechanics}
}

@manual{abq12,
title = "ABAQUS/Standard User's Manual, Version 6.12",
year = "2012",
address = "Providence, RI, USA",
organization = "Simulia",
}