@article{Williams1959,
author = {Williams, M. L.},
title = {The stresses around a fault or crack in dissimilar media},
journal = {Bulletin of the Seismological Society of America},
volume = {49},
number = {2},
pages = {199},
year = {1959}
}

@article{Comninou1990,
  doi = {10.1016/0013-7944(90)90343-f},
  year  = {1990},
  month = {jan},
  publisher = {Elsevier {BV}},
  volume = {37},
  number = {1},
  pages = {197--208},
  author = {Maria Comninou},
  title = {An overview of interface cracks},
  journal = {Engineering Fracture Mechanics}
}

@article{Hills1993,
  doi = {10.1016/0020-7403(93)90062-y},
  year  = {1993},
  month = {jan},
  publisher = {Elsevier {BV}},
  volume = {35},
  number = {1},
  pages = {27--37},
  author = {D.A. Hills and J.R. Barber},
  title = {Interface cracks},
  journal = {International Journal of Mechanical Sciences}
}

@article{England1965,
  doi = {10.1115/1.3625813},
  year  = {1965},
  publisher = {{ASME} International},
  volume = {32},
  number = {2},
  pages = {400},
  author = {A. H. England},
  title = {A Crack Between Dissimilar Media},
  journal = {Journal of Applied Mechanics}
}

@article{Erdogan1963,
  doi = {10.1115/1.3636517},
  year  = {1963},
  publisher = {{ASME} International},
  volume = {30},
  number = {2},
  pages = {232},
  author = {Fazil Erdogan},
  title = {Stress Distribution in a Nonhomogeneous Elastic Plane With Cracks},
  journal = {Journal of Applied Mechanics}
}

@article{Dundurs1969,
  doi = {10.1115/1.3564739},
  year  = {1969},
  publisher = {{ASME} International},
  volume = {36},
  number = {3},
  pages = {650},
  author = {J. Dundurs},
  title = {Discussion: {\textquotedblleft}Edge-Bonded Dissimilar Orthogonal Elastic Wedges Under Normal and Shear Loading{\textquotedblright} (Bogy,  D. B.,  1968,  {ASME} J. Appl. Mech.,  35,  pp. 460{\textendash}466)},
  journal = {Journal of Applied Mechanics}
}

@article{Malyshev1965,
  doi = {10.1007/bf00186749},
  url = {https://doi.org/10.1007/bf00186749},
  year  = {1965},
  month = {jun},
  publisher = {Springer Nature},
  volume = {1-1},
  number = {2},
  author = {B.M. Malyshev and R.L. Salganik},
  title = {The strength of adhesive joints using the theory of cracks},
  journal = {International Journal of Fracture Mechanics}
}

@article{Comninou1977,
  doi = {10.1115/1.3424148},
  url = {https://doi.org/10.1115/1.3424148},
  year  = {1977},
  publisher = {{ASME} International},
  volume = {44},
  number = {4},
  pages = {631},
  author = {Maria Comninou},
  title = {The Interface Crack},
  journal = {Journal of Applied Mechanics}
}

@Article{Perlman1967,
  Title                    = {Elastostatic problems of curvilinear cracks in bonded dissimilar materials},
  Author                   = {A.B. Perlman and G.C. Sih},
  Journal                  = {International Journal of Engineering Science},
  Year                     = {1967},

  Month                    = {nov},
  Number                   = {11},
  Pages                    = {845--867},
  Volume                   = {5},

  Doi                      = {10.1016/0020-7225(67)90009-2},
  Publisher                = {Elsevier {BV}}
}

@Article{Toya1974,
  Title                    = {A crack along the interface of a circular inclusion embedded in an infinite solid},
  Author                   = {M. Toya},
  Journal                  = {Journal of the Mechanics and Physics of Solids},
  Year                     = {1974},

  Month                    = {oct},
  Number                   = {5},
  Pages                    = {325--348},
  Volume                   = {22},

  Doi                      = {10.1016/0022-5096(74)90002-7},
  Publisher                = {Elsevier {BV}}
}

@Article{Paris1996,
  Title                    = {The fiber-matrix interface crack {\textemdash} A numerical analysis using Boundary Elements},
  Author                   = {F. Par{\'{\i}}s and J. C. Ca{\~{n}}o and J. Varna},
  Journal                  = {International Journal of Fracture},
  Year                     = {1996},

  Month                    = {may},
  Number                   = {1},
  Pages                    = {11--29},
  Volume                   = {82},

  Doi                      = {10.1007/bf00017861},
  Publisher                = {Springer Nature America, Inc}
}

@article{England1966,
  doi = {10.1115/1.3625132},
  year  = {1966},
  publisher = {{ASME} International},
  volume = {33},
  number = {3},
  pages = {637},
  author = {A. H. England},
  title = {An Arc Crack Around a Circular Elastic Inclusion},
  journal = {Journal of Applied Mechanics}
}

@article{DelCano1997,
  doi = {10.1002/(sici)1097-0207(19970630)40:12<2301::aid-nme166>3.0.co;2-8},
  year  = {1997},
  month = {jun},
  publisher = {Wiley},
  volume = {40},
  number = {12},
  pages = {2301--2320},
  author = {J. C. Del Ca{\~{n}}o and F. Par{\'{\i}}s},
  title = {On stress singularities induced by the discretization in curved receding contact surfaces: a BEM analysis},
  journal = {International Journal for Numerical Methods in Engineering}
}

@Article{Varna1997a,
  Title                    = {The effect of crack-face contact on fiber/matrix debonding in transverse tensile loading},
  Author                   = {J. Varna and Federico Par{\'{\i}}s and J. C.Ca{\~{n}}o},
  Journal                  = {Composites Science and Technology},
  Year                     = {1997},
  Number                   = {5},
  Pages                    = {523--532},
  Volume                   = {57},

  Doi                      = {10.1016/s0266-3538(96)00175-3},
  Publisher                = {Elsevier {BV}}
}

@incollection{Irwin1958,
  doi = {10.1007/978-3-642-45887-3_5},
  year  = {1958},
  publisher = {Springer Berlin Heidelberg},
  pages = {551--590},
  author = {George R. Irwin},
  title = {Fracture},
  booktitle = {Elasticity and Plasticity / Elastizit\"{a}t und Plastizit\"{a}t}
}

@article{Krueger2004,
  doi = {10.1115/1.1595677},
  year  = {2004},
  publisher = {{ASME} International},
  volume = {57},
  number = {2},
  pages = {109},
  author = {Ronald Krueger},
  title = {Virtual crack closure technique: History,  approach,  and applications},
  journal = {Applied Mechanics Reviews}
}

@Article{Correa2007,
  Title                    = {Effects of the presence of compression in transverse cyclic loading on fibre{\textendash}matrix debonding in unidirectional composite plies},
  Author                   = {E. Correa and E.K. Gamstedt and F. Par{\'{\i}}s and V. Manti{\v{c}}},
  Journal                  = {Composites Part A: Applied Science and Manufacturing},
  Year                     = {2007},

  Month                    = {nov},
  Number                   = {11},
  Pages                    = {2260--2269},
  Volume                   = {38},

  Doi                      = {10.1016/j.compositesa.2006.11.002},
  Publisher                = {Elsevier {BV}}
}

@Article{Correa2011,
  Title                    = {Effect of thermal residual stresses on matrix failure under transverse tension at micromechanical level: A numerical and experimental analysis},
  Author                   = {E. Correa and V. Manti{\v{c}} and F. Par{\'{\i}}s},
  Journal                  = {Composites Science and Technology},
  Year                     = {2011},

  Month                    = {mar},
  Number                   = {5},
  Pages                    = {622--629},
  Volume                   = {71},

  Doi                      = {10.1016/j.compscitech.2010.12.027},
  Publisher                = {Elsevier {BV}}
}

@Article{Correa2014,
  Title                    = {Effect of a secondary transverse load on the inter-fibre failure under compression},
  Author                   = {E. Correa and F. Par{\'{\i}}s and V. Manti{\v{c}}},
  Journal                  = {Composites Part B: Engineering},
  Year                     = {2014},

  Month                    = {oct},
  Pages                    = {57--68},
  Volume                   = {65},

  Doi                      = {10.1016/j.compositesb.2014.01.005},
  Publisher                = {Elsevier {BV}}
}

@Article{Correa2013,
  Title                    = {Effect of the presence of a secondary transverse load on the inter-fibre failure under tension},
  Author                   = {E. Correa and F. Par{\'{\i}}s and V. Manti{\v{c}}},
  Journal                  = {Engineering Fracture Mechanics},
  Year                     = {2013},

  Month                    = {may},
  Pages                    = {174--189},
  Volume                   = {103},

  Doi                      = {10.1016/j.engfracmech.2013.02.026},
  Publisher                = {Elsevier {BV}}
}

@Article{Paris2007,
  Title                    = {Kinking of Transversal Interface Cracks Between Fiber and Matrix},
  Author                   = {Federico Par{\'{\i}}s and Elena Correa and Vladislav Manti{\v{c}}},
  Journal                  = {Journal of Applied Mechanics},
  Year                     = {2007},
  Number                   = {4},
  Pages                    = {703},
  Volume                   = {74},

  Doi                      = {10.1115/1.2711220},
  Publisher                = {{ASME} International}
}

@Article{Sandino2016,
  Title                    = {Numerical analysis of the influence of a nearby fibre on the interface crack growth in composites under transverse tensile load},
  Author                   = {C. Sandino and E. Correa and F. Par{\'{\i}}s},
  Journal                  = {Engineering Fracture Mechanics},
  Year                     = {2016},

  Month                    = {dec},
  Pages                    = {58--75},
  Volume                   = {168},

  Doi                      = {10.1016/j.engfracmech.2016.01.022},
  Publisher                = {Elsevier {BV}}
}

@InProceedings{Sandino2018,
  Title                    = {Interface crack growth under transverse compression: nearby fibre effect},
  Author                   = {C. Sandino and E. Correa and F. Par{\'{i}}s},
  Booktitle                = {Proceeding of the $18^{th}$ European Conference on Composite Materials (ECCM-18)},
  Year                     = {2018},

  Eventdate                = {2018-06-24/2018-06-28},
  Venue                    = {Athens, Greece}
}

@Article{Zhuang2018,
  Title                    = {Effects of inter-fiber spacing on fiber-matrix debond crack growth in unidirectional composites under transverse loading},
  Author                   = {Linqi Zhuang and Andrejs Pupurs and Janis Varna and Ramesh Talreja and Zoubir Ayadi},
  Journal                  = {Composites Part A: Applied Science and Manufacturing},
  Year                     = {2018},

  Month                    = {jun},
  Pages                    = {463--471},
  Volume                   = {109},

  Doi                      = {10.1016/j.compositesa.2018.03.031},
  Publisher                = {Elsevier {BV}}
}

@Article{Zhuang2018a,
  author    = {Linqi Zhuang and Ramesh Talreja and Janis Varna},
  title     = {Transverse crack formation in unidirectional composites by linking of fibre/matrix debond cracks},
  journal   = {Composites Part A: Applied Science and Manufacturing},
  year      = {2018},
  volume    = {107},
  pages     = {294--303},
  month     = {apr},
  doi       = {10.1016/j.compositesa.2018.01.013},
  publisher = {Elsevier {BV}},
}

@Article{Varna2017,
  Title                    = {Growth and Interaction of Debonds in Local Clusters of Fibers in Unidirectional Composites during Transverse Loading},
  Author                   = {Janis Varna and Lin Qi Zhuang and Andrejs Pupurs and Zoubir Ayadi},
  Journal                  = {Key Engineering Materials},
  Year                     = {2017},

  Month                    = {sep},
  Pages                    = {63--66},
  Volume                   = {754},

  Doi                      = {10.4028/www.scientific.net/kem.754.63},
  Publisher                = {Trans Tech Publications}
}

@article{Rybicki1977,
  doi = {10.1016/0013-7944(77)90013-3},
  year  = {1977},
  month = {jan},
  publisher = {Elsevier {BV}},
  volume = {9},
  number = {4},
  pages = {931--938},
  author = {E.F. Rybicki and M.F. Kanninen},
  title = {A finite element calculation of stress intensity factors by a modified crack closure integral},
  journal = {Engineering Fracture Mechanics}
}

@article{Sun1997,
  doi = {10.1016/s0020-7683(96)00157-6},
  year  = {1997},
  month = {jul},
  publisher = {Elsevier {BV}},
  volume = {34},
  number = {20},
  pages = {2595--2609},
  author = {C.T. Sun and W. Qian},
  title = {The use of finite extension strain energy release rates in fracture of interfacial cracks},
  journal = {International Journal of Solids and Structures}
}

@article{Sun1987,
  doi = {10.1016/0013-7944(87)90115-9},
  year  = {1987},
  month = {jan},
  publisher = {Elsevier {BV}},
  volume = {28},
  number = {1},
  pages = {13--20},
  author = {C.T Sun and C.J Jih},
  title = {On strain energy release rates for interfacial cracks in bi-material media},
  journal = {Engineering Fracture Mechanics}
}

@article{Manoharan1990,
  doi = {10.1016/0266-3538(90)90049-b},
  year  = {1990},
  month = {jan},
  publisher = {Elsevier {BV}},
  volume = {39},
  number = {2},
  pages = {99--116},
  author = {M.G. Manoharan and C.T. Sun},
  title = {Strain energy release rates of an interfacial crack between two anisotropic solids under uniform axial strain},
  journal = {Composites Science and Technology}
}

@Manual{abq12,
  Title                    = {ABAQUS/Standard User's Manual, Version 6.12},

  Address                  = {Providence, RI, USA},
  Organization             = {Simulia},
  Year                     = {2012}
}

@article{Raju1987,
  doi = {10.1016/0013-7944(87)90220-7},
  year  = {1987},
  month = {jan},
  publisher = {Elsevier {BV}},
  volume = {28},
  number = {3},
  pages = {251--274},
  author = {I.S. Raju},
  title = {Calculation of strain-energy release rates with higher order and singular finite elements},
  journal = {Engineering Fracture Mechanics}
}

@article{Valvo2011,
  doi = {10.1007/s10704-011-9658-y},
  year  = {2011},
  month = {dec},
  publisher = {Springer Nature},
  volume = {173},
  number = {1},
  pages = {1--20},
  author = {Paolo S. Valvo},
  title = {A revised virtual crack closure technique for physically consistent fracture mode partitioning},
  journal = {International Journal of Fracture}
}

@article{Raju1988,
  doi = {10.1016/0013-7944(88)90196-8},
  year = {1988},
  month = {jan},
  publisher = {Elsevier {BV}},
  volume = {30},
  number = {3},
  pages = {383--396},
  author = {I.S. Raju and J.H. Crews and M.A. Aminpour},
  title = {Convergence of strain energy release rate components for Edge-Delaminated composite laminates},
  journal = {Engineering Fracture Mechanics}
}

@article{Agrawal2006,
  doi = {10.1007/s10704-006-0069-4},
  year = {2006},
  month = {sep},
  publisher = {Springer Science and Business Media {LLC}},
  volume = {141},
  number = {1-2},
  pages = {75--98},
  author = {A. Agrawal and A. M. Karlsson},
  title = {Obtaining mode mixity for a bimaterial interface crack using the virtual crack closure technique},
  journal = {International Journal of Fracture}
}

@inproceedings{Krueger2013,
  doi = {10.2514/6.2013-1476},
  year = {2013},
  month = {apr},
  publisher = {American Institute of Aeronautics and Astronautics},
  author = {Ronald Krueger and Kunigal N. Shivakumar and Ivatury S. Raju},
  title = {Fracture Mechanics Analyses for Interface Crack Problems - A Review},
  booktitle = {54th {AIAA}/{ASME}/{ASCE}/{AHS}/{ASC} Structures,  Structural Dynamics, and Materials Conference}
}

@article{Valvo2015,
  doi = {10.1007/s10704-015-0007-4},
  year = {2015},
  month = {mar},
  publisher = {Springer Science and Business Media {LLC}},
  volume = {192},
  number = {2},
  pages = {235--244},
  author = {Paolo S. Valvo},
  title = {A further step towards a physically consistent virtual crack closure technique},
  journal = {International Journal of Fracture}
}

@article{Wang2013,
  doi = {10.1016/j.engfracmech.2013.09.005},
  year = {2013},
  month = {oct},
  publisher = {Elsevier {BV}},
  volume = {111},
  pages = {1--25},
  author = {S. Wang and C.M. Harvey and L. Guan},
  title = {Partition of mixed modes in layered isotropic double cantilever beams with non-rigid cohesive interfaces},
  journal = {Engineering Fracture Mechanics}
}

@inproceedings{Glaessgen1998,
  doi = {10.2514/6.1998-2023},
  year = {1998},
  month = {apr},
  publisher = {American Institute of Aeronautics and Astronautics},
  author = {E. Glaessgen and W. Riddell and I. Raju},
  title = {Effect of shear deformation and continuity on delamination modeling with plate elements},
  booktitle = {39th {AIAA}/{ASME}/{ASCE}/{AHS}/{ASC} Structures,  Structural Dynamics,  and Materials Conference and Exhibit}
}

@article{Chin2019,
  doi = {10.1002/nme.6150},
  year = {2019},
  month = {jul},
  publisher = {Wiley},
  author = {Eric B. Chin and N. Sukumar},
  title = {Modeling curved interfaces without element-partitioning in the extended finite element method},
  journal = {International Journal for Numerical Methods in Engineering}
}

@article{Irwin1957,
  year = {1957},
  volume = {E24},
  pages = {351-369},
  author = {G. R. Irwin},
  title = {Analysis of Stresses and Strains near the End of a Crack Traversing a Plate},
  journal = {Journal of Applied Mechanics - Transactions of the ASME}
}
