@article{Velasco2018,
  doi = {10.1016/j.enganabound.2018.03.012},
  url = {https://doi.org/10.1016/j.enganabound.2018.03.012},
  year  = {2018},
  month = {aug},
  publisher = {Elsevier {BV}},
  volume = {93},
  pages = {1--9},
  author = {M.L. Velasco and E. Graciani and L. T{\'{a}}vara and E. Correa and F. Par{\'{\i}}s},
  title = {{BEM} multiscale modelling involving micromechanical damage in fibrous composites},
  journal = {Engineering Analysis with Boundary Elements}
}

@article{Pars2018,
  doi = {10.1016/j.compscitech.2018.03.004},
  url = {https://doi.org/10.1016/j.compscitech.2018.03.004},
  year  = {2018},
  month = {may},
  publisher = {Elsevier {BV}},
  volume = {160},
  pages = {1--8},
  author = {Federico Par{\'{\i}}s and Mar{\'{\i}}a Luisa Velasco and Elena Correa},
  title = {Micromechanical study on the influence of scale effect in the first stage of damage in composites},
  journal = {Composites Science and Technology}
}