@article{Brush1967,
  doi = {10.1103/revmodphys.39.883},
  year = {1967},
  month = {oct},
  publisher = {American Physical Society ({APS})},
  volume = {39},
  number = {4},
  pages = {883--893},
  author = {Stephen G. Brush},
  title = {History of the Lenz-Ising Model},
  journal = {Reviews of Modern Physics}
}

@article{Niss2004,
  doi = {10.1007/s00407-004-0088-3},
  year = {2004},
  month = oct,
  publisher = {Springer Science and Business Media {LLC}},
  volume = {59},
  number = {3},
  pages = {267--318},
  author = {Martin Niss},
  title = {History of the Lenz{\textendash}Ising Model 1920{\textendash}1950: From Ferromagnetic to Cooperative Phenomena},
  journal = {Archive for History of Exact Sciences}
}

@article{Niss2008,
  doi = {10.1007/s00407-008-0039-5},
  year = {2008},
  month = dec,
  publisher = {Springer Science and Business Media {LLC}},
  volume = {63},
  number = {3},
  pages = {243--287},
  author = {Martin Niss},
  title = {History of the Lenz{\textendash}Ising Model 1950{\textendash}1965: from irrelevance to relevance},
  journal = {Archive for History of Exact Sciences}
}

@article{Little1924,
  doi = {10.1126/science.60.1553.299},
  year = {1924},
  month = oct,
  publisher = {American Association for the Advancement of Science ({AAAS})},
  volume = {60},
  number = {1553},
  pages = {299--306},
  author = {A. D. Little},
  title = {The Fifth Estate},
  journal = {Science}
}

@article{Shapin2015,
  url = {http://bostonreview.net/steven-shapin-scientism-virtue},
  year = {2015},
  month ={jan},
  volume = {32},
  author = {Steven Shapin},
  title = {The Virtue of Scientific Thinking},
  journal = {Boston Review}
}

@incollection{Weber1917,
  year = {1962 [1917]},
  volume = {32},
  author = {Max Weber},
  title = {Science as a vocation},
  booktitle = { The Sociology of Science},
  publisher = {New York: Free Press},
  editor = {B.Barber and W. Hirsch},
  pages = {569-589},
}

@article{Santos2012,
  doi = {10.4000/ideas.276},
  year = {2012},
  month = feb,
  publisher = {{OpenEdition}},
  number = {2},
  author = {Boaventura de Sousa Santos},
  title = {The European University at a Crossroads},
  journal = {{IdeAs}}
}

@article{Biesta2002,
  doi = {10.1023/a:1019874106870},
  year = {2002},
  publisher = {Springer Nature},
  volume = {21},
  number = {4/5},
  pages = {343--351},
  author = {Gert Biesta},
  title = {Bildung and Modernity: The Future of Bildung in a World of Difference},
  journal = {Studies in Philosophy and Education}
}

@article{Biesta2004,
  doi = {10.1111/j.0013-2004.2004.00017.x},
  year = {2004},
  month = aug,
  publisher = {Wiley},
  volume = {54},
  number = {3},
  pages = {233--250},
  author = {Gert J.J. Biesta},
  title = {Education,  Accountability,  and the Ethical Demand: Can the Democratic Potential of Accountability Be Regained?},
  journal = {Educational Theory}
}
