% Encoding: UTF-8


@Article{Amacher2014,
  Title                    = {Thin ply composites: Experimental characterization and modeling of size-effects},
  Author                   = {R. Amacher and J. Cugnoni and J. Botsis and L. Sorensen and W. Smith and C. Dransfeld},
  Journal                  = {Composites Science and Technology},
  Year                     = {2014},

  Month                    = {sep},
  Pages                    = {121--132},
  Volume                   = {101},

  Doi                      = {10.1016/j.compscitech.2014.06.027},
  Publisher                = {Elsevier {BV}}
}

@Article{Arteiro2014,
  Title                    = {Large damage capability of non-crimp fabric thin-ply laminates},
  Author                   = {A. Arteiro and G. Catalanotti and J. Xavier and P.P. Camanho},
  Journal                  = {Composites Part A: Applied Science and Manufacturing},
  Year                     = {2014},

  Month                    = {aug},
  Pages                    = {110--122},
  Volume                   = {63},

  Doi                      = {10.1016/j.compositesa.2014.04.002},
  Publisher                = {Elsevier {BV}}
}

@Article{Arteiro2013,
  Title                    = {Notched response of non-crimp fabric thin-ply laminates},
  Author                   = {A. Arteiro and G. Catalanotti and J. Xavier and P.P. Camanho},
  Journal                  = {Composites Science and Technology},
  Year                     = {2013},

  Month                    = {apr},
  Pages                    = {97--114},
  Volume                   = {79},

  Doi                      = {10.1016/j.compscitech.2013.02.001},
  Publisher                = {Elsevier {BV}}
}

@Article{Bailey1979,
  Title                    = {On the Transverse Cracking and Longitudinal Splitting Behaviour of Glass and Carbon Fibre Reinforced Epoxy Cross Ply Laminates and the Effect of Poisson and Thermally Generated Strain},
  Author                   = {J. E. Bailey and P. T. Curtis and A. Parvizi},
  Journal                  = {Proceedings of the Royal Society A: Mathematical, Physical and Engineering Sciences},
  Year                     = {1979},

  Month                    = {jul},
  Number                   = {1727},
  Pages                    = {599--623},
  Volume                   = {366},

  Doi                      = {10.1098/rspa.1979.0071},
  Publisher                = {The Royal Society}
}

@Article{Bailey1981,
  Title                    = {On fibre debonding effects and the mechanism of transverse-ply failure in cross-ply laminates of glass fibre/thermoset composites},
  Author                   = {J. E. Bailey and A. Parvizi},
  Journal                  = {Journal of Materials Science},
  Year                     = {1981},

  Month                    = {mar},
  Number                   = {3},
  Pages                    = {649--659},
  Volume                   = {16},

  Doi                      = {10.1007/bf02402782},
  Publisher                = {Springer Nature}
}

@Article{Comninou1977,
  Title                    = {The Interface Crack},
  Author                   = {Maria Comninou},
  Journal                  = {Journal of Applied Mechanics},
  Year                     = {1977},
  Number                   = {4},
  Pages                    = {631},
  Volume                   = {44},

  Doi                      = {10.1115/1.3424148},
  Publisher                = {{ASME} International}
}

@Article{Correa2007,
  Title                    = {Effects of the presence of compression in transverse cyclic loading on fibre{\textendash}matrix debonding in unidirectional composite plies},
  Author                   = {E. Correa and E.K. Gamstedt and F. Par{\'{\i}}s and V. Manti{\v{c}}},
  Journal                  = {Composites Part A: Applied Science and Manufacturing},
  Year                     = {2007},

  Month                    = {nov},
  Number                   = {11},
  Pages                    = {2260--2269},
  Volume                   = {38},

  Doi                      = {10.1016/j.compositesa.2006.11.002},
  Publisher                = {Elsevier {BV}}
}

@Article{Correa2011,
  Title                    = {Effect of thermal residual stresses on matrix failure under transverse tension at micromechanical level: A numerical and experimental analysis},
  Author                   = {E. Correa and V. Manti{\v{c}} and F. Par{\'{\i}}s},
  Journal                  = {Composites Science and Technology},
  Year                     = {2011},

  Month                    = {mar},
  Number                   = {5},
  Pages                    = {622--629},
  Volume                   = {71},

  Doi                      = {10.1016/j.compscitech.2010.12.027},
  Publisher                = {Elsevier {BV}}
}

@Article{Correa2014,
  Title                    = {Effect of a secondary transverse load on the inter-fibre failure under compression},
  Author                   = {E. Correa and F. Par{\'{\i}}s and V. Manti{\v{c}}},
  Journal                  = {Composites Part B: Engineering},
  Year                     = {2014},

  Month                    = {oct},
  Pages                    = {57--68},
  Volume                   = {65},

  Doi                      = {10.1016/j.compositesb.2014.01.005},
  Publisher                = {Elsevier {BV}}
}

@Article{Correa2013,
  Title                    = {Effect of the presence of a secondary transverse load on the inter-fibre failure under tension},
  Author                   = {E. Correa and F. Par{\'{\i}}s and V. Manti{\v{c}}},
  Journal                  = {Engineering Fracture Mechanics},
  Year                     = {2013},

  Month                    = {may},
  Pages                    = {174--189},
  Volume                   = {103},

  Doi                      = {10.1016/j.engfracmech.2013.02.026},
  Publisher                = {Elsevier {BV}}
}

@Article{Cugnoni2018,
  Title                    = {Towards aerospace grade thin-ply composites: Effect of ply thickness, fibre, matrix and interlayer toughening on strength and damage tolerance},
  Author                   = {J. Cugnoni and R. Amacher and S. Kohler and J. Brunner and E. Kramer and C. Dransfeld and W. Smith and K. Scobbie and L. Sorensen and J. Botsis},
  Journal                  = {Composites Science and Technology},
  Year                     = {2018},

  Month                    = {nov},
  Pages                    = {467--477},
  Volume                   = {168},

  Doi                      = {10.1016/j.compscitech.2018.08.037},
  Publisher                = {Elsevier {BV}}
}

@Article{England1971,
  Title                    = {On stress singularities in linear elasticity},
  Author                   = {A.H. England},
  Journal                  = {International Journal of Engineering Science},
  Year                     = {1971},

  Month                    = {jun},
  Number                   = {6},
  Pages                    = {571--585},
  Volume                   = {9},

  Doi                      = {10.1016/0020-7225(71)90039-5},
  Publisher                = {Elsevier {BV}}
}

@Article{England1966,
  Title                    = {An Arc Crack Around a Circular Elastic Inclusion},
  Author                   = {A. H. England},
  Journal                  = {Journal of Applied Mechanics},
  Year                     = {1966},
  Number                   = {3},
  Pages                    = {637},
  Volume                   = {33},

  Doi                      = {10.1115/1.3625132},
  Publisher                = {{ASME} International}
}

@Article{Garcia2015,
  Title                    = {Debonding at the fibre{\textendash}matrix interface under remote transverse tension. One debond or two symmetric debonds?},
  Author                   = {I.G. Garc{\'{\i}}a and V. Manti{\v{c}} and E. Graciani},
  Journal                  = {European Journal of Mechanics - A/Solids},
  Year                     = {2015},

  Month                    = {sep},
  Pages                    = {75--88},
  Volume                   = {53},

  Doi                      = {10.1016/j.euromechsol.2015.02.007},
  Publisher                = {Elsevier {BV}}
}

@Article{Garrett1977,
  Title                    = {Multiple transverse fracture in $90^{\circ}$ cross-ply laminates of a glass fibre-reinforced polyester},
  Author                   = {K. W. Garrett and J. E. Bailey},
  Journal                  = {Journal of Materials Science},
  Year                     = {1977},

  Month                    = {jan},
  Number                   = {1},
  Pages                    = {157--168},
  Volume                   = {12},

  Doi                      = {10.1007/bf00738481},
  Publisher                = {Springer Nature}
}

@Article{Guillamet2014,
  Title                    = {Damage occurrence at edges of non-crimp-fabric thin-ply laminates under off-axis uniaxial loading},
  Author                   = {G. Guillamet and A. Turon and J. Costa and J. Renart and P. Linde and J.A. Mayugo},
  Journal                  = {Composites Science and Technology},
  Year                     = {2014},

  Month                    = {jun},
  Pages                    = {44--50},
  Volume                   = {98},

  Doi                      = {10.1016/j.compscitech.2014.04.014},
  Publisher                = {Elsevier {BV}}
}

@Article{Huang2018,
  Title                    = {Identification of failure modes of composite thin-ply laminates containing circular hole under tension by acoustic emission signals},
  Author                   = {Chunfang Huang and Su Ju and Mingchang He and Qing Zheng and Yonglyu He and Jiayu Xiao and Jiangwei Zhang and Dazhi Jiang},
  Journal                  = {Composite Structures},
  Year                     = {2018},

  Month                    = {dec},
  Pages                    = {70--79},
  Volume                   = {206},

  Doi                      = {10.1016/j.compstruct.2018.08.019},
  Publisher                = {Elsevier {BV}}
}

@Article{Kawabe2008,
  Title                    = {New Spreading Technology for Carbon Fiber Tow and Its Application to Composite Materials},
  Author                   = {Kazumasa Kawabe},
  Journal                  = {Sen'i Gakkaishi},
  Year                     = {2008},
  Number                   = {8},
  Pages                    = {262--267},
  Volume                   = {64},

  Doi                      = {10.2115/fiber.64.p_262},
  Language                 = {Japanese},
  Publisher                = {Society of Fiber Science and Technology Japan}
}

@Article{Kawabe2008en,
  Title                    = {New Carbon Fiber Tow-Spread Technology and Applications to Advanced Composite Materials},
  Author                   = {K. Kawabe and H. Sasayama and S. Tomoda},
  Journal                  = {{SAMPE} Journal},
  Year                     = {2008},
  Number                   = {2},
  Pages                    = {6--17},
  Volume                   = {45},

  Publisher                = {Society for the Advancement of Material and Process Engineering (SAMPE)}
}

@InProceedings{Kawabe1997,
  Title                    = {A Pneumatic Process for Spreading Reinforcing Fiber Tow},
  Author                   = {K. Kawabe and S. Tomoda and T. Matsuo},
  Booktitle                = {Proceedings of the $42^{nd}$ International SAMPE Symposium and Exhibition},
  Pages                    = {65--76},
  Publisher                = {SAMPE},

  Date                     = {1997},
  Venue                    = {Anaheim, CA, USA}
}

@Article{Kim2017,
  Title                    = {Effects of Shallow Biangle, Thin-Ply Laminates on Structural Performance of Composite Wings},
  Author                   = {Yong Han Noel Kim and Seunghyun Ko and Wei-Siang Lay and Jingmeng Tian and Paochen Chang and Seiji Umeda Thielk and Hyung-Joon Bang and Jinkyu Yang},
  Journal                  = {{AIAA} Journal},
  Year                     = {2017},

  Month                    = {jun},
  Number                   = {6},
  Pages                    = {2086--2092},
  Volume                   = {55},

  Doi                      = {10.2514/1.j055465},
  Publisher                = {American Institute of Aeronautics and Astronautics ({AIAA})}
}

@Article{Kopp2017,
  Title                    = {The Aurora space launcher concept},
  Author                   = {Alexander Kopp and Sven Stappert and David Mattsson and Kurt Olofsson and Erik Marklund and Guido Kurth and Erwin Mooij and Evelyne Roorda},
  Journal                  = {{CEAS} Space Journal},
  Year                     = {2017},

  Month                    = {nov},
  Number                   = {2},
  Pages                    = {167--187},
  Volume                   = {10},

  Doi                      = {10.1007/s12567-017-0184-2},
  Publisher                = {Springer Nature}
}

@Article{Krueger2004,
  Title                    = {Virtual crack closure technique: History, approach, and applications},
  Author                   = {Ronald Krueger},
  Journal                  = {Applied Mechanics Reviews},
  Year                     = {2004},
  Number                   = {2},
  Pages                    = {109},
  Volume                   = {57},

  Doi                      = {10.1115/1.1595677},
  Publisher                = {{ASME} International}
}

@InBook{McCarville2018,
  Title                    = {3.5 Design, Manufacture and Test of Cryotank Components},
  Author                   = {Douglas A. McCarville and Juan C. Guzman and Alexandra K. Dillon and Justin R. Jackson and Jordan O. Birkland},
  Pages                    = {153--179},
  Publisher                = {Elsevier},
  Year                     = {2018},

  Booktitle                = {Comprehensive Composite Materials {II}},
  Doi                      = {10.1016/b978-0-12-803581-8.09958-6}
}

@Article{Moon2011,
  Title                    = {Improvement of tensile properties of {CFRP} composites under {LEO} space environment by applying {MWNTs} and thin-ply},
  Author                   = {Jin-Bum Moon and Myung-Gon Kim and Chun-Gon Kim and Shantanu Bhowmik},
  Journal                  = {Composites Part A: Applied Science and Manufacturing},
  Year                     = {2011},

  Month                    = {jun},
  Number                   = {6},
  Pages                    = {694--701},
  Volume                   = {42},

  Doi                      = {10.1016/j.compositesa.2011.02.011},
  Publisher                = {Elsevier {BV}}
}

@Article{Paris1996,
  Title                    = {The fiber-matrix interface crack {\textemdash} A numerical analysis using Boundary Elements},
  Author                   = {F. Par{\'{\i}}s and J. C. Ca{\~{n}}o and J. Varna},
  Journal                  = {International Journal of Fracture},
  Year                     = {1996},

  Month                    = {may},
  Number                   = {1},
  Pages                    = {11--29},
  Volume                   = {82},

  Doi                      = {10.1007/bf00017861},
  Publisher                = {Springer Nature America, Inc}
}

@Article{Paris2007,
  Title                    = {Kinking of Transversal Interface Cracks Between Fiber and Matrix},
  Author                   = {Federico Par{\'{\i}}s and Elena Correa and Vladislav Manti{\v{c}}},
  Journal                  = {Journal of Applied Mechanics},
  Year                     = {2007},
  Number                   = {4},
  Pages                    = {703},
  Volume                   = {74},

  Doi                      = {10.1115/1.2711220},
  Publisher                = {{ASME} International}
}

@Article{Paris2018,
  Title                    = {Micromechanical study on the influence of scale effect in the first stage of damage in composites},
  Author                   = {Federico Par{\'{\i}}s and Mar{\'{\i}}a Luisa Velasco and Elena Correa},
  Journal                  = {Composites Science and Technology},
  Year                     = {2018},

  Month                    = {may},
  Pages                    = {1--8},
  Volume                   = {160},

  Doi                      = {10.1016/j.compscitech.2018.03.004},
  Publisher                = {Elsevier {BV}}
}

@Article{Parvizi1978a,
  Title                    = {On multiple transverse cracking in glass fibre epoxy cross-ply laminates},
  Author                   = {A. Parvizi and J. E. Bailey},
  Journal                  = {Journal of Materials Science},
  Year                     = {1978},

  Month                    = {oct},
  Number                   = {10},
  Pages                    = {2131--2136},
  Volume                   = {13},

  Doi                      = {10.1007/bf00541666},
  Publisher                = {Springer Nature America, Inc}
}

@Article{Parvizi1978b,
  Title                    = {Constrained cracking in glass fibre-reinforced epoxy cross-ply laminates},
  Author                   = {A. Parvizi and K. W. Garrett and J. E. Bailey},
  Journal                  = {Journal of Materials Science},
  Year                     = {1978},

  Month                    = {jan},
  Number                   = {1},
  Pages                    = {195--201},
  Volume                   = {13},

  Doi                      = {10.1007/bf00739291},
  Publisher                = {Springer Nature}
}

@Article{Perlman1967,
  Title                    = {Elastostatic problems of curvilinear cracks in bonded dissimilar materials},
  Author                   = {A.B. Perlman and G.C. Sih},
  Journal                  = {International Journal of Engineering Science},
  Year                     = {1967},

  Month                    = {nov},
  Number                   = {11},
  Pages                    = {845--867},
  Volume                   = {5},

  Doi                      = {10.1016/0020-7225(67)90009-2},
  Publisher                = {Elsevier {BV}}
}

@Article{Rice1968,
  Title                    = {A Path Independent Integral and the Approximate Analysis of Strain Concentration by Notches and Cracks},
  Author                   = {J. R. Rice},
  Journal                  = {Journal of Applied Mechanics},
  Year                     = {1968},
  Number                   = {2},
  Pages                    = {379},
  Volume                   = {35},

  Doi                      = {10.1115/1.3601206},
  Publisher                = {{ASME} International}
}

@Article{Saito2012,
  Title                    = {Experimental Evaluation of the Damage Growth Restraining in 90° Layer of Thin-ply CFRP Cross-ply Laminates},
  Author                   = { Hiroshi Saito and Hiroki Takeuchi and Isao Kimpara },
  Journal                  = {Advanced Composite Materials},
  Year                     = {2012},
  Number                   = {1},
  Pages                    = {57-66},
  Volume                   = {21},

  Doi                      = {10.1163/156855112X629522},
  Publisher                = {Taylor \& Francis}
}

@Article{Sandino2016,
  Title                    = {Numerical analysis of the influence of a nearby fibre on the interface crack growth in composites under transverse tensile load},
  Author                   = {C. Sandino and E. Correa and F. Par{\'{\i}}s},
  Journal                  = {Engineering Fracture Mechanics},
  Year                     = {2016},

  Month                    = {dec},
  Pages                    = {58--75},
  Volume                   = {168},

  Doi                      = {10.1016/j.engfracmech.2016.01.022},
  Publisher                = {Elsevier {BV}}
}

@InProceedings{Sandino2018,
  Title                    = {Interface crack growth under transverse compression: nearby fibre effect},
  Author                   = {C. Sandino and E. Correa and F. Par{\'{i}}s},
  Booktitle                = {Proceeding of the $18^{th}$ European Conference on Composite Materials (ECCM-18)},
  Year                     = {2018},

  Eventdate                = {2018-06-24/2018-06-28},
  Venue                    = {Athens, Greece}
}

@InProceedings{Sandino2016b,
  Title                    = {Composite materials under transverse biaxial loads: Study of the influence of a nearby fibre on the interface crack growth under tension},
  Author                   = {C. Sandino and E. Correa and F. Par{\'{i}}s},
  Booktitle                = {Proceeding of the $17^{th}$ European Conference on Composite Materials (ECCM-17)},
  Year                     = {2016},

  Eventdate                = {2016-06-26/2016-06-30},
  Venue                    = {Munich, Germany}
}

@InProceedings{Sasayama2003,
  Title                    = {Effect of lamina thickness on first ply failure in multidirectionally laminated composites},
  Author                   = {H. Sasayama and K. Kawabe and S. Tomoda and I. Ohsawa and K. Kageyama and N. Ogata},
  Booktitle                = {Proceedings of the $8^{th}$ Japan SAMPE Symposium},
  Year                     = {2003},
  Publisher                = {SAMPE},

  Venue                    = {Tokyo, Japan}
}

@Article{Sihn2007,
  Title                    = {Experimental studies of thin-ply laminated composites},
  Author                   = {S. Sihn and R. Kim and K. Kawabe and S. Tsai},
  Journal                  = {Composites Science and Technology},
  Year                     = {2007},

  Month                    = {may},
  Number                   = {6},
  Pages                    = {996--1008},
  Volume                   = {67},

  Doi                      = {10.1016/j.compscitech.2006.06.008},
  Publisher                = {Elsevier {BV}}
}

@Article{Toya1974,
  Title                    = {A crack along the interface of a circular inclusion embedded in an infinite solid},
  Author                   = {M. Toya},
  Journal                  = {Journal of the Mechanics and Physics of Solids},
  Year                     = {1974},

  Month                    = {oct},
  Number                   = {5},
  Pages                    = {325--348},
  Volume                   = {22},

  Doi                      = {10.1016/0022-5096(74)90002-7},
  Publisher                = {Elsevier {BV}}
}

@InProceedings{Tsai2005,
  Title                    = {Thin Ply Composites},
  Author                   = {S.W. Tsai and S. Sihn and R.Y. Kim},
  Booktitle                = {Proceedings of $46^{th}$ AIAA/ASME/AHS/ASC Structures, Structural Dynamics \& Materials Conference},
  Year                     = {2005},

  Eventdate                = {2005-04-18/2005-04-21},
  Venue                    = {Austin, TX, USA}
}

@Article{Varna1997b,
  Title                    = {Transverse single-fibre test for interfacial debonding in composites: 2. Modelling},
  Author                   = {J. Varna and L.A. Berglund and M.L. Ericson},
  Journal                  = {Composites Part A: Applied Science and Manufacturing},
  Year                     = {1997},

  Month                    = {jan},
  Number                   = {4},
  Pages                    = {317--326},
  Volume                   = {28},

  Doi                      = {10.1016/s1359-835x(96)00125-x},
  Publisher                = {Elsevier {BV}}
}

@Article{Varna1997a,
  Title                    = {The effect of crack-face contact on fiber/matrix debonding in transverse tensile loading},
  Author                   = {J. Varna and Federico Par{\'{\i}}s and J. C.Ca{\~{n}}o},
  Journal                  = {Composites Science and Technology},
  Year                     = {1997},
  Number                   = {5},
  Pages                    = {523--532},
  Volume                   = {57},

  Doi                      = {10.1016/s0266-3538(96)00175-3},
  Publisher                = {Elsevier {BV}}
}

@Article{Varna2017,
  Title                    = {Growth and Interaction of Debonds in Local Clusters of Fibers in Unidirectional Composites during Transverse Loading},
  Author                   = {Janis Varna and Lin Qi Zhuang and Andrejs Pupurs and Zoubir Ayadi},
  Journal                  = {Key Engineering Materials},
  Year                     = {2017},

  Month                    = {sep},
  Pages                    = {63--66},
  Volume                   = {754},

  Doi                      = {10.4028/www.scientific.net/kem.754.63},
  Publisher                = {Trans Tech Publications}
}

@Article{Velasco2018,
  Title                    = {{BEM} multiscale modelling involving micromechanical damage in fibrous composites},
  Author                   = {M.L. Velasco and E. Graciani and L. T{\'{a}}vara and E. Correa and F. Par{\'{\i}}s},
  Journal                  = {Engineering Analysis with Boundary Elements},
  Year                     = {2018},

  Month                    = {aug},
  Pages                    = {1--9},
  Volume                   = {93},

  Doi                      = {10.1016/j.enganabound.2018.03.012},
  Publisher                = {Elsevier {BV}}
}

@InProceedings{Yamaguchi2005,
  Title                    = {The improved ply cracking resistance of thin-ply laminates},
  Author                   = {K. Yamaguchi and H.T. Hahn},
  Booktitle                = {Proceedings of the $15^{th}$ International Conference on Composite Materials (ICCM-15)},
  Year                     = {2005},
  Publisher                = {SAMPE},

  Eventdate                = {2005-06-27/2005-07-02},
  Venue                    = {Tokyo, Japan}
}

@Article{Yokozeki2008,
  Title                    = {Experimental characterization of strength and damage resistance properties of thin-ply carbon fiber/toughened epoxy laminates},
  Author                   = {Tomohiro Yokozeki and Yuichiro Aoki and Toshio Ogasawara},
  Journal                  = {Composite Structures},
  Year                     = {2008},

  Month                    = {feb},
  Number                   = {3},
  Pages                    = {382--389},
  Volume                   = {82},

  Doi                      = {10.1016/j.compstruct.2007.01.015},
  Publisher                = {Elsevier {BV}}
}

@Article{Yokozeki2010,
  Title                    = {Damage characterization in thin-ply composite laminates under out-of-plane transverse loadings},
  Author                   = {Tomohiro Yokozeki and Akiko Kuroda and Akinori Yoshimura and Toshio Ogasawara and Takahira Aoki},
  Journal                  = {Composite Structures},
  Year                     = {2010},

  Month                    = {dec},
  Number                   = {1},
  Pages                    = {49--57},
  Volume                   = {93},

  Doi                      = {10.1016/j.compstruct.2010.06.016},
  Publisher                = {Elsevier {BV}}
}

@Article{Zhang1997,
  Title                    = {Transverse single-fibre test for interfacial debonding in composites: 1. Experimental observations},
  Author                   = {H. Zhang and M.L. Ericson and J. Varna and L.A. Berglund},
  Journal                  = {Composites Part A: Applied Science and Manufacturing},
  Year                     = {1997},

  Month                    = {jan},
  Number                   = {4},
  Pages                    = {309--315},
  Volume                   = {28},

  Doi                      = {10.1016/s1359-835x(96)00123-6},
  Publisher                = {Elsevier {BV}}
}

@Article{Zhuang2018,
  Title                    = {Effects of inter-fiber spacing on fiber-matrix debond crack growth in unidirectional composites under transverse loading},
  Author                   = {Linqi Zhuang and Andrejs Pupurs and Janis Varna and Ramesh Talreja and Zoubir Ayadi},
  Journal                  = {Composites Part A: Applied Science and Manufacturing},
  Year                     = {2018},

  Month                    = {jun},
  Pages                    = {463--471},
  Volume                   = {109},

  Doi                      = {10.1016/j.compositesa.2018.03.031},
  Publisher                = {Elsevier {BV}}
}

@Manual{abq12,
  Title                    = {ABAQUS/Standard User's Manual, Version 6.12},

  Address                  = {Providence, RI, USA},
  Organization             = {Simulia},
  Year                     = {2012}
}

@article{Bouhala2013,
  doi = {10.1016/j.compositesb.2012.12.013},
  year  = {2013},
  month = {dec},
  publisher = {Elsevier {BV}},
  volume = {55},
  pages = {352--361},
  author = {Lyazid Bouhala and Ahmed Makradi and Salim Belouettar and Hassania Kiefer-Kamal and Patrick Fr{\'{e}}res},
  title = {Modelling of failure in long fibres reinforced composites by X-{FEM} and cohesive zone model},
  journal = {Composites Part B: Engineering}
}

@article{Kushch2011,
  doi = {10.1016/j.ijengsci.2010.06.020},
  year  = {2011},
  month = {jan},
  publisher = {Elsevier {BV}},
  volume = {49},
  number = {1},
  pages = {17--29},
  author = {V.I. Kushch and S.V. Shmegera and P. Br{\o}ndsted and L. Mishnaevsky},
  title = {Numerical simulation of progressive debonding in fiber reinforced composite under transverse loading},
  journal = {International Journal of Engineering Science}
}

@article{Canal2012,
  doi = {10.1016/j.compscitech.2012.04.008},
  year  = {2012},
  month = {jun},
  publisher = {Elsevier {BV}},
  volume = {72},
  number = {11},
  pages = {1223--1232},
  author = {Luis Pablo Canal and Carlos Gonz{\'{a}}lez and Javier Segurado and Javier LLorca},
  title = {Intraply fracture of fiber-reinforced composites: Microscopic mechanisms and modeling},
  journal = {Composites Science and Technology}
}

@article{Herraez2015,
  doi = {10.1016/j.compscitech.2015.02.008},
  year  = {2015},
  month = {apr},
  publisher = {Elsevier {BV}},
  volume = {110},
  pages = {196--204},
  author = {Miguel Herr{\'{a}}ez and Diego Mora and Fernando Naya and Claudio S. Lopes and Carlos Gonz{\'{a}}lez and Javier LLorca},
  title = {Transverse cracking of cross-ply laminates: A computational micromechanics perspective},
  journal = {Composites Science and Technology}
}

@article{Asp1995,
  doi = {10.1016/0266-3538(94)00075-1},
  year  = {1995},
  month = {jan},
  publisher = {Elsevier {BV}},
  volume = {53},
  number = {1},
  pages = {27--37},
  author = {Leif E. Asp and Lars A. Berglund and Peter Gudmundson},
  title = {Effects of a composite-like stress state on the fracture of epoxies},
  journal = {Composites Science and Technology}
}

@article{Mantic2009,
  doi = {10.1016/j.ijsolstr.2008.10.036},
  year  = {2009},
  month = {mar},
  publisher = {Elsevier {BV}},
  volume = {46},
  number = {6},
  pages = {1287--1304},
  author = {V. Manti{\v{c}}},
  title = {Interface crack onset at a circular cylindrical inclusion under a remote transverse tension. Application of a coupled stress and energy criterion},
  journal = {International Journal of Solids and Structures}
}

@article{Hashin1983,
  doi = {10.1115/1.3167081},
  year  = {1983},
  publisher = {{ASME} International},
  volume = {50},
  number = {3},
  pages = {481},
  author = {Z. Hashin},
  title = {Analysis of Composite Materials{\textemdash}A Survey},
  journal = {Journal of Applied Mechanics}
}

@article{Christensen1979,
  doi = {10.1016/0022-5096(79)90032-2},
  year  = {1979},
  month = {aug},
  publisher = {Elsevier {BV}},
  volume = {27},
  number = {4},
  pages = {315--330},
  author = {R.M. Christensen and K.H. Lo},
  title = {Solutions for effective shear properties in three phase sphere and cylinder models},
  journal = {Journal of the Mechanics and Physics of Solids}
}

@article{DiStasio2019,
  doi = {10.1016/j.tafmec.2019.102251},
  year  = {2019},
  month = {jun},
  publisher = {Elsevier {BV}},
  pages = {102251},
  author = {Luca {Di Stasio} and Janis Varna and Zoubir Ayadi},
  title = {Energy release rate of the fiber/matrix interface crack in {UD} composites under transverse loading: effect of the fiber volume fraction and of the distance to the free surface and to non-adjacent debonds},
  journal = {Theoretical and Applied Fracture Mechanics}
}

@article{MunozReja2016,
  doi = {10.1016/j.compositesa.2015.09.023},
  year  = {2016},
  month = {mar},
  publisher = {Elsevier {BV}},
  volume = {82},
  pages = {267--278},
  author = {M. Mu{\~{n}}oz-Reja and L. T{\'{a}}vara and V. Manti{\v{c}} and P. Cornetti},
  title = {Crack onset and propagation at fibre{\textendash}matrix elastic interfaces under biaxial loading using finite fracture mechanics},
  journal = {Composites Part A: Applied Science and Manufacturing}
}

@article{Frossard2016,
  doi = {10.1016/j.compositesa.2016.09.009},
  year  = {2016},
  month = {dec},
  publisher = {Elsevier {BV}},
  volume = {91},
  pages = {1--8},
  author = {G. Frossard and J. Cugnoni and T. Gm\"{u}r and J. Botsis},
  title = {Mode I interlaminar fracture of carbon epoxy laminates: Effects of ply thickness},
  journal = {Composites Part A: Applied Science and Manufacturing}
}

@article{Teixeira2016,
  doi = {10.1016/j.compositesa.2016.05.031},
  year  = {2016},
  month = {nov},
  publisher = {Elsevier {BV}},
  volume = {90},
  pages = {33--44},
  author = {R.F. Teixeira and S.T. Pinho and P. Robinson},
  title = {Thickness-dependence of the translaminar fracture toughness: Experimental study using thin-ply composites},
  journal = {Composites Part A: Applied Science and Manufacturing}
}

@incollection{Varna2018,
title = "2.10 Crack Separation Based Models for Microcracking",
editor = "Peter W.R. Beaumont and Carl H. Zweben",
booktitle = "Comprehensive Composite Materials II",
publisher = "Elsevier",
address = "Oxford",
pages = "192 - 220",
year = "2018",
isbn = "978-0-08-100534-7",
doi = "10.1016/B978-0-12-803581-8.09910-0",
author = "Janis Varna",
}

@article{Lundmark2006,
  doi = {10.1016/j.compscitech.2005.08.016},
  year = {2006},
  month = aug,
  publisher = {Elsevier {BV}},
  volume = {66},
  number = {10},
  pages = {1444--1454},
  author = {Peter Lundmark and Janis Varna},
  title = {Crack face sliding effect on stiffness of laminates with ply cracks},
  journal = {Composites Science and Technology}
}

@article{Lundmark2003,
  doi = {10.4028/www.scientific.net/kem.251-252.381},
  year = {2003},
  month = oct,
  publisher = {Trans Tech Publications},
  volume = {251-252},
  pages = {381--388},
  author = {Peter Lundmark and Janis Varna},
  title = {Modeling Thermo-Mechanical Properties of Damaged Laminates},
  journal = {Key Engineering Materials}
}

@article{Varna2012,
  doi = {10.1177/0021998312469241},
  year = {2012},
  month = dec,
  publisher = {{SAGE} Publications},
  volume = {47},
  number = {20-21},
  pages = {2443--2474},
  author = {Janis Varna},
  title = {Modelling mechanical performance of damaged laminates},
  journal = {Journal of Composite Materials}
}

@article{Lundmark2005,
  doi = {10.1177/1056789505050355},
  year = {2005},
  month = jul,
  publisher = {{SAGE} Publications},
  volume = {14},
  number = {3},
  pages = {235--259},
  author = {P. Lundmark and J. Varna},
  title = {Constitutive Relationships for Laminates with Ply Cracks in In-plane Loading},
  journal = {International Journal of Damage Mechanics}
}

@article{Loukil2019a,
  doi = {10.1177/0021998319874369},
  year = {2019},
  month = sep,
  publisher = {{SAGE} Publications},
  pages = {002199831987436},
  author = {Mohamed Sahbi Loukil and Janis Varna},
  title = {Effective shear modulus of a damaged ply in laminate stiffness analysis: Determination and validation},
  journal = {Journal of Composite Materials}
}

@article{Loukil2013a,
  doi = {10.1179/1743289811y.0000000064},
  year = {2013},
  month = may,
  publisher = {Maney Publishing},
  volume = {42},
  number = {4},
  pages = {157--166},
  author = {M S Loukil and W Hussain and A Kirti and A Pupurs and J Varna},
  title = {Thermoelastic constants of symmetric laminates with cracks in 90-layer: application of simple models},
  journal = {Plastics,  Rubber and Composites}
}

@article{Loukil2012,
  doi = {10.1177/0021998312440126},
  year = {2012},
  month = mar,
  publisher = {{SAGE} Publications},
  volume = {47},
  number = {3},
  pages = {287--301},
  author = {Mohamed Sahbi Loukil and Janis Varna and Zoubir Ayadi},
  title = {Applicability of solutions for periodic intralaminar crack distributions to non-uniformly damaged laminates},
  journal = {Journal of Composite Materials}
}

@article{Loukil2013b,
  doi = {10.1016/j.compositesa.2012.12.012},
  year = {2013},
  month = may,
  publisher = {Elsevier {BV}},
  volume = {48},
  pages = {37--46},
  author = {Mohamed Sahbi Loukil and Janis Varna and Zoubir Ayadi},
  title = {Engineering expressions for thermo-elastic constants of laminates with high density of transverse cracks},
  journal = {Composites Part A: Applied Science and Manufacturing}
}

@article{Loukil2019b,
  doi = {10.1177/1056789519866000},
  year = {2019},
  month = jul,
  publisher = {{SAGE} Publications},
  pages = {105678951986600},
  author = {Mohamed Sahbi Loukil and Janis Varna},
  title = {Crack face sliding displacement ({CSD}) as an input in exact {GLOB}-{LOC} expressions for in-plane elastic constants of symmetric damaged laminates},
  journal = {International Journal of Damage Mechanics}
}

@article{Pupurs2016,
  doi = {10.1016/j.compositesa.2015.11.012},
  year = {2016},
  month = mar,
  publisher = {Elsevier {BV}},
  volume = {82},
  pages = {244--252},
  author = {A. Pupurs and J. Varna and M. Loukil and H. Ben Kahla and D. Mattsson},
  title = {Effective stiffness concept in bending modeling of laminates with damage in surface 90-layers},
  journal = {Composites Part A: Applied Science and Manufacturing}
}

@article{Varna2016,
  doi = {10.1177/0021998316658965},
  year = {2016},
  month = jul,
  publisher = {{SAGE} Publications},
  volume = {51},
  number = {14},
  pages = {1945--1959},
  author = {Janis Varna and Mohamed Sahbi Loukil},
  title = {Effective transverse modulus of a damaged layer: Potential for predicting symmetric laminate stiffness degradation},
  journal = {Journal of Composite Materials}
}

@article{McCartney1992,
  doi = {10.1016/0022-5096(92)90226-r},
  year = {1992},
  month = jan,
  publisher = {Elsevier {BV}},
  volume = {40},
  number = {1},
  pages = {27--68},
  author = {L.N. McCartney},
  title = {Theory of stress transfer in a $0^{\circ}-90^{\circ}-0^{\circ}$ cross-ply laminate containing a parallel array of transverse cracks},
  journal = {Journal of the Mechanics and Physics of Solids}
}

@article{Schoeppner1998,
  doi = {10.1016/s0020-7683(97)00107-8},
  year = {1998},
  month = apr,
  publisher = {Elsevier {BV}},
  volume = {35},
  number = {11},
  pages = {1025--1055},
  author = {G.A. Schoeppner and N.J. Pagano},
  title = {Stress fields and energy release rates in cross-ply laminates},
  journal = {International Journal of Solids and Structures}
}

@incollection{Talreja1991,
  doi = {10.1016/b978-0-444-70507-5.50007-x},
  year = {1991},
  publisher = {Elsevier},
  pages = {79--103},
  author = {Ramesh Talreja},
  title = {Damage Characterization},
  booktitle = {Fatigue of Composite Materials}
}

@article{HenaffGardin1996,
  doi = {10.1016/s0263-8223(96)00071-2},
  year = {1996},
  month = sep,
  publisher = {Elsevier {BV}},
  volume = {36},
  number = {1-2},
  pages = {113--130},
  author = {C. Henaff-Gardin and M.C. Lafarie-Frenot and D. Gamby},
  title = {Doubly periodic matrix cracking in composite laminates Part 1: General in-plane loading},
  journal = {Composite Structures}
}

@article{Hashin1985,
  doi = {10.1016/0167-6636(85)90011-0},
  year = {1985},
  month = jul,
  publisher = {Elsevier {BV}},
  volume = {4},
  number = {2},
  pages = {121--136},
  author = {Z. Hashin},
  title = {Analysis of cracked laminates: a variational approach},
  journal = {Mechanics of Materials}
}

@article{Hashin1987,
  doi = {10.1115/1.3173131},
  year = {1987},
  month = dec,
  publisher = {{ASME} International},
  volume = {54},
  number = {4},
  pages = {872--879},
  author = {Z. Hashin},
  title = {Analysis of Orthogonally Cracked Laminates Under Tension},
  journal = {Journal of Applied Mechanics}
}

@article{Berthelot2003,
  doi = {10.1115/1.1519557},
  year = {2003},
  month = jan,
  publisher = {{ASME} International},
  volume = {56},
  number = {1},
  pages = {111--147},
  author = {Jean-Marie Berthelot},
  title = {Transverse cracking and delamination in cross-ply glass-fiber and carbon-fiber reinforced plastic laminates: Static and fatigue loading},
  journal = {Applied Mechanics Reviews}
}

@incollection{Nairn2000,
  doi = {10.1016/b0-08-042993-9/00069-3},
  year = {2000},
  publisher = {Elsevier},
  pages = {403--432},
  author = {John A. Nairn},
  title = {Matrix Microcracking in Composites},
  booktitle = {Comprehensive Composite Materials}
}

@article{Barbero2011,
  doi = {10.1016/j.compstruct.2010.06.011},
  year = {2011},
  month = jan,
  publisher = {Elsevier {BV}},
  volume = {93},
  number = {2},
  pages = {1021--1030},
  author = {E.J. Barbero and G. Sgambitterra and A. Adumitroaie and X. Martinez},
  title = {A discrete constitutive model for transverse and shear damage of symmetric laminates with arbitrary stacking sequence},
  journal = {Composite Structures}
}

@article{Singh2008,
  doi = {10.1016/j.ijsolstr.2008.04.004},
  year = {2008},
  month = aug,
  publisher = {Elsevier {BV}},
  volume = {45},
  number = {16},
  pages = {4574--4589},
  author = {Chandra Veer Singh and Ramesh Talreja},
  title = {Analysis of multiple off-axis ply cracks in composite laminates},
  journal = {International Journal of Solids and Structures}
}

@article{Laws1983,
  doi = {10.1016/0167-6636(83)90032-7},
  year = {1983},
  month = aug,
  publisher = {Elsevier {BV}},
  volume = {2},
  number = {2},
  pages = {123--137},
  author = {N. Laws and G.J. Dvorak and M. Hejazi},
  title = {Stiffness changes in unidirectional composites caused by crack systems},
  journal = {Mechanics of Materials}
}

@article{Berthelot1996,
  doi = {10.1016/1359-835x(96)80002-a},
  year = {1996},
  month = jan,
  publisher = {Elsevier {BV}},
  volume = {27},
  number = {10},
  pages = {989--1001},
  author = {J.-M. Berthelot and P. Leblond and A. El Mahi and J.-F. Le Corre},
  title = {Transverse cracking of cross-ply laminates: Part 1. Analysis},
  journal = {Composites Part A: Applied Science and Manufacturing}
}

@article{Li1994,
  doi = {10.1016/0167-6636(94)90041-8},
  year = {1994},
  month = oct,
  publisher = {Elsevier {BV}},
  volume = {18},
  number = {4},
  pages = {289--311},
  author = {S. Li and S.R. Reid and P.D. Soden},
  title = {A finite strip analysis of cracked laminates},
  journal = {Mechanics of Materials}
}

@book{Reddy2002,
  title={Energy Principles and Variational Methods in Applied Mechanics},
  author={Reddy, J.N.},
  isbn={9780471179856},
  lccn={2002071311},
  year={2002},
  publisher={Wiley}
}

@article{Allen1987,
  doi = {10.1016/0020-7683(87)90108-9},
  year = {1987},
  publisher = {Elsevier {BV}},
  volume = {23},
  number = {9},
  pages = {1319--1338},
  author = {D.H. Allen and C.E. Harris and S.E. Groves},
  title = {A thermomechanical constitutive theory for elastic composites with distributed damage{\textemdash}{II}. Application to matrix cracking in laminated composites},
  journal = {International Journal of Solids and Structures}
}

@incollection{Ladeveze1990,
  doi = {10.1007/978-94-009-2125-2_2},
  year = {1990},
  publisher = {Springer Netherlands},
  pages = {13--24},
  author = {Pierre Ladeveze},
  title = {A Damage Mechanics for Composites Materials},
  booktitle = {Integration of Theory and Applications in Applied Mechanics}
}

@article{Gudmundson1992a,
  doi = {10.1177/002199839202600704},
  year = {1992},
  month = jul,
  publisher = {{SAGE} Publications},
  volume = {26},
  number = {7},
  pages = {1009--1030},
  author = {Peter Gudmundson and S\"{o}ren \"{O}stlund},
  title = {First Order Analysis of Stiffness Reduction Due to Matrix Cracking},
  journal = {Journal of Composite Materials}
}

@article{Gudmundson1992b,
  doi = {10.1177/002199839202601701},
  url = {https://doi.org/10.1177/002199839202601701},
  year = {1992},
  month = dec,
  publisher = {{SAGE} Publications},
  volume = {26},
  number = {17},
  pages = {2480--2492},
  author = {Peter Gudmundson and S\"{o}ren \"{O}stlund},
  title = {Numerical Verification of a Procedure for Calculation of Elastic Constants in Microcracking Composite Laminates},
  journal = {Journal of Composite Materials}
}

@article{Gudmundson1993,
  doi = {10.1016/0020-7683(93)90110-s},
  year = {1993},
  publisher = {Elsevier {BV}},
  volume = {30},
  number = {23},
  pages = {3211--3231},
  author = {Peter Gudmundson and Zang Weilin},
  title = {An analytic model for thermoelastic properties of composite laminates containing transverse matrix cracks},
  journal = {International Journal of Solids and Structures}
}

@article{Vinogradov2010,
  doi = {10.1016/j.compscitech.2009.12.018},
  year = {2010},
  month = apr,
  publisher = {Elsevier {BV}},
  volume = {70},
  number = {4},
  pages = {638--646},
  author = {V. Vinogradov and Z. Hashin},
  title = {Variational analysis of cracked angle-ply laminates},
  journal = {Composites Science and Technology}
}

@article{Lubarda1993,
  doi = {10.1016/0020-7683(93)90158-4},
  year = {1993},
  publisher = {Elsevier {BV}},
  volume = {30},
  number = {20},
  pages = {2859--2877},
  author = {V.A. Lubarda and D. Krajcinovic},
  title = {Damage tensors and the crack density distribution},
  journal = {International Journal of Solids and Structures}
}

@article{Hall2008,
  doi = {10.1111/j.1365-246x.2008.03748.x},
  year = {2008},
  month = may,
  publisher = {Oxford University Press ({OUP})},
  volume = {173},
  number = {2},
  pages = {577--592},
  author = {Stephen A. Hall and J-Michael Kendall and Jamie Maddock and Quentin Fisher},
  title = {Crack density tensor inversion for analysis of changes in rock frame architecture},
  journal = {Geophysical Journal International}
}

@article{Sayers1995,
  doi = {10.1029/94jb03134},
  year = {1995},
  month = mar,
  publisher = {American Geophysical Union ({AGU})},
  volume = {100},
  number = {B3},
  pages = {4149--4156},
  author = {C. M. Sayers and M. Kachanov},
  title = {Microcrack-induced elastic wave anisotropy of brittle rocks},
  journal = {Journal of Geophysical Research: Solid Earth}
}

@article{Sayers1991,
  doi = {10.1016/0020-7683(91)90027-d},
  year = {1991},
  publisher = {Elsevier {BV}},
  volume = {27},
  number = {6},
  pages = {671--680},
  author = {C.M. Sayers and M. Kachanov},
  title = {A simple technique for finding effective elastic constants of cracked solids for arbitrary crack orientation statistics},
  journal = {International Journal of Solids and Structures}
}